@inproceedings{Poggio_2005,
  doi = {10.1109/icnnb.2005.1614546},
  url = {http://dx.doi.org/10.1109/icnnb.2005.1614546},
  year = {2005},
  publisher = {Institute of Electrical {\&} Electronics Engineers ({IEEE})},
  author = {T. Poggio and S. Smale},
  title = {{The Mathematics of Learning: Dealing with Data}},
  booktitle = {2005 International Conference on Neural Networks and Brain},
}
